
%% Somhunter 1
@inproceedings{kratochvil2020som,
  title={Som-hunter: Video browsing with relevance-to-som feedback loop},
  author={Kratochv{\'\i}l, Miroslav and Vesel{\`y}, Patrik and Mejzl{\'\i}k, Franti{\v{s}}ek and Loko{\v{c}}, Jakub},
  booktitle={International Conference on Multimedia Modeling},
  pages={790--795},
  year={2020},
  organization={Springer}
}

%% VBS 2020 journal
@article{lokovc2021reign,
  title={Is the Reign of Interactive Search Eternal? Findings from the Video Browser Showdown 2020},
  author={Loko{\v{c}}, Jakub and Vesel{\`y}, Patrik and Mejzl{\'\i}k, Franti{\v{s}}ek and Koval{\v{c}}{\'\i}k, Gregor and Sou{\v{c}}ek, Tom{\'a}{\v{s}} and Rossetto, Luca and Schoeffmann, Klaus and Bailer, Werner and Gurrin, Cathal and Sauter, Loris and others},
  journal={ACM Transactions on Multimedia Computing, Communications, and Applications (TOMM)},
  volume={17},
  number={3},
  pages={1--26},
  year={2021},
  publisher={ACM New York, NY}
}

%% ACM SOMHunter OS
@inproceedings{kratochvil2020somhunter,
  title={SOMHunter: lightweight video search system with SOM-guided relevance feedback},
  author={Kratochv{\'\i}l, Miroslav and Mejzl{\'\i}k, Franti{\v{s}}ek and Vesel{\`y}, Patrik and Sou{\'c}ek, Tom{\'a}{\v{s}} and Loko{\'c}, Jakub},
  booktitle={Proceedings of the 28th ACM International Conference on Multimedia},
  pages={4481--4484},
  year={2020}
}


%% LSC 2020
@inproceedings{mejzlik2020somhunter,
  title={Somhunter for lifelog search},
  author={Mejzl{\'\i}k, Franti{\v{s}}ek and Vesel{\`y}, Patrik and Kratochv{\'\i}l, Miroslav and Sou{\v{c}}ek, Tom{\'a}{\v{s}} and Loko{\v{c}}, Jakub},
  booktitle={Proceedings of the Third Annual Workshop on Lifelog Search Challenge},
  pages={73--75},
  year={2020}
}

%% SOMHunter vs vitrivr
@ARTICLE{rosetto2021,
  author={Rossetto, Luca and Gasser, Ralph and Heller, Silvan and Parian-Scherb, Mahnaz and Sauter, Loris and Spiess, Florian and Schuldt, Heiko and Pe{\v{s}}ka, Ladislav and Sou{\v{c}}ek, Tom{\'a}{\v{s}} and Kratochv{\'\i}l, Miroslav and Mejzl{\'\i}k, Franti{\v{s}}ek and Vesel{\`y}, Patrik and Loko{\'c}, Jakub},
  journal={IEEE MultiMedia}, 
  title={On the User-Centric Comparative Remote Evaluation of Interactive Video Search Systems}, 
  year={2021},
  volume={28},
  number={4},
  pages={18-28},
  doi={10.1109/MMUL.2021.3066779}}

%% VBS 2021
@inproceedings{vesely2021somhunter,
  title={SOMHunter V2 at Video Browser Showdown 2021},
  author={Vesel{\`y}, Patrik and Mejzl{\'\i}k, Franti{\v{s}}ek and Loko{\v{c}}, Jakub},
  booktitle={International Conference on Multimedia Modeling},
  pages={461--466},
  year={2021},
  organization={Springer}
}


%% LSC 2021
@incollection{lokovc2021enhanced,
  title={Enhanced SOMHunter for Known-item Search in Lifelog Data},
  author={Loko{\v{c}}, Jakub and Mejzl{\'\i}k, Franti{\v{s}}ek and Vesel{\`y}, Patrik and Sou{\v{c}}ek, Tom{\'a}{\v{s}}},
  booktitle={Proceedings of the 4th Annual on Lifelog Search Challenge},
  pages={71--73},
  year={2021}
}

%collage hunter
@inproceedings{lokovc2021video,
  title={Video Search with Collage Queries},
  author={Loko{\v{c}}, Jakub and B{\'a}toryov{\'a}, Jana and Smr{\v{z}}, Dominik and Dobransk{\`y}, Marek},
  booktitle={International Conference on Multimedia Modeling},
  pages={429--434},
  year={2021},
  organization={Springer}
}
